<?xml version="1.0" encoding="UTF-8"?><collection xmlns="http://www.loc.gov/MARC21/slim"><record><leader>00592nam--2200181-i-4500</leader><controlfield tag="001">000023564</controlfield><controlfield tag="002">20161230</controlfield><controlfield tag="005">20161230201035</controlfield><controlfield tag="008">060222s1000------------r-----000-0-eng-d</controlfield><datafield ind1=" " ind2=" " tag="040"><subfield code="a">IFIN-HH</subfield></datafield><datafield ind1=" " ind2=" " tag="080"><subfield code="a">539.199(048.6:042.3)</subfield></datafield><datafield ind1="1" ind2=" " tag="110"><subfield code="a">European Physical Society</subfield></datafield><datafield ind1="1" ind2="0" tag="245"><subfield code="a">5th europhysics conference on macromolecular physics orientation effects in solid polymers</subfield><subfield code="b">Budapest, hungary 27-30 april, 1976</subfield></datafield><datafield ind1=" " ind2=" " tag="260"><subfield code="a">Budapest</subfield><subfield code="b">European Physical Society</subfield><subfield code="c">1976</subfield></datafield><datafield ind1=" " ind2=" " tag="300"><subfield code="a">168P</subfield></datafield><datafield ind1=" " ind2=" " tag="490"><subfield code="a">Europhysics Conference Abstracts</subfield></datafield><datafield ind1=" " ind2=" " tag="852"><subfield code="a">43890</subfield><subfield code="c">539.19</subfield></datafield><datafield ind1=" " ind2=" " tag="CAT"><subfield code="a">Sys</subfield><subfield code="c">20120716</subfield><subfield code="h">100349</subfield></datafield></record></collection>